@book {1,
    AUTHOR = {Hartshorne, Robin},
     TITLE = {Algebraic geometry},
      NOTE = {Graduate Texts in Mathematics, No. 52},
 PUBLISHER = {Springer-Verlag, New York-Heidelberg},
      YEAR = {1977},
     PAGES = {xvi+496},
      ISBN = {0-387-90244-9},
   MRCLASS = {14-01},
  MRNUMBER = {0463157},
MRREVIEWER = {Robert Speiser},
}

@incollection {MR1722412,
    AUTHOR = {Karcher, Hermann and Weber, Matthias},
     TITLE = {The geometry of {K}lein's {R}iemann surface},
 BOOKTITLE = {The eightfold way},
    SERIES = {Math. Sci. Res. Inst. Publ.},
    VOLUME = {35},
     PAGES = {9--49},
 PUBLISHER = {Cambridge Univ. Press, Cambridge},
      YEAR = {1999},
   MRCLASS = {14H55 (01A55)},
  MRNUMBER = {1722412},
MRREVIEWER = {C. Maclachlan},
}
